<record><leader>00000cas a22000007a 4500</leader><controlfield tag="001">16568050</controlfield><controlfield tag="008">870826c19359999msudr ne      0    0eng d</controlfield><datafield ind1=" " ind2=" " tag="010"><subfield code="a">sn 87065507 </subfield></datafield><datafield ind1=" " ind2=" " tag="040"><subfield code="a">MJA</subfield><subfield code="b">eng</subfield><subfield code="c">MJA</subfield><subfield code="d">MSJ</subfield><subfield code="d">MGN</subfield><subfield code="d">OCLCQ</subfield></datafield><datafield ind1=" " ind2=" " tag="042"><subfield code="a">msc</subfield></datafield><datafield ind1="0" ind2=" " tag="130"><subfield code="a">Daily times-leader (West Point, Miss.)</subfield></datafield><datafield ind1="1" ind2="0" tag="245"><subfield code="a">Daily times-leader.</subfield></datafield><datafield ind1=" " ind2=" " tag="260"><subfield code="a">West Point, Miss. :</subfield><subfield code="b">Edgar G. and Beulah Harris</subfield></datafield><datafield ind1=" " ind2=" " tag="300"><subfield code="a">v.</subfield></datafield><datafield ind1=" " ind2=" " tag="310"><subfield code="a">Daily</subfield></datafield><datafield ind1="1" ind2=" " tag="362"><subfield code="a">Began in 1935.</subfield></datafield><datafield ind1=" " ind2=" " tag="588"><subfield code="a">Description based on: Vol. 57, no. 17 (Nov. 16, 1936).</subfield></datafield><datafield ind1=" " ind2=" " tag="752"><subfield code="a">United States</subfield><subfield code="b">Mississippi</subfield><subfield code="c">Clay</subfield><subfield code="d">West Point.</subfield></datafield><datafield ind1="0" ind2="0" tag="780"><subfield code="t">West Point times leader</subfield><subfield code="w">(DLC)sn 87065676</subfield><subfield code="w">(OCoLC)16567987</subfield></datafield><datafield ind1="0" ind2="5" tag="780"><subfield code="t">Times-herald</subfield></datafield></record>